@Manual{R-alr3,
  title = {alr3: Data to accompany Applied Linear Regression
    3rd edition},
  author = {Sanford Weisberg},
  year = {2011},
  note = {R package version 2.0.5},
  url = {https://CRAN.R-project.org/package=alr3},
}
@Manual{R-base,
  title = {R: A Language and Environment for Statistical
    Computing},
  author = {{R Core Team}},
  organization = {R Foundation for Statistical Computing},
  address = {Vienna, Austria},
  year = {2017},
  url = {https://www.R-project.org/},
}
@Manual{R-beanplot,
  title = {beanplot: Visualization via Beanplots (like
    Boxplot/Stripchart/Violin Plot)},
  author = {Peter Kampstra},
  year = {2014},
  note = {R package version 1.2},
  url = {https://CRAN.R-project.org/package=beanplot},
}
@Manual{R-car,
  title = {car: Companion to Applied Regression},
  author = {John Fox and Sanford Weisberg},
  year = {2016},
  note = {R package version 2.1-4},
  url = {https://CRAN.R-project.org/package=car},
}
@Manual{R-coneproj,
  title = {coneproj: Primal or Dual Cone Projections with
    Routines for Constrained Regression},
  author = {Mary C. Meyer and Xiyue Liao},
  year = {2016},
  note = {R package version 1.11},
  url = {https://CRAN.R-project.org/package=coneproj},
}
@Manual{R-corrplot,
  title = {corrplot: Visualization of a Correlation Matrix},
  author = {Taiyun Wei and Viliam Simko},
  year = {2016},
  note = {R package version 0.77},
  url = {https://CRAN.R-project.org/package=corrplot},
}
@Manual{R-effects,
  title = {effects: Effect Displays for Linear, Generalized
    Linear, and Other Models},
  author = {John Fox and Sanford Weisberg and Michael Friendly
    and Jangman Hong},
  year = {2016},
  note = {R package version 3.1-2},
  url = {https://CRAN.R-project.org/package=effects},
}
@Manual{R-faraway,
  title = {faraway: Functions and Datasets for Books by Julian
    Faraway},
  author = {Julian Faraway},
  year = {2016},
  note = {R package version 1.0.7},
  url = {https://CRAN.R-project.org/package=faraway},
}
@Manual{R-heplots,
  title = {heplots: Visualizing Hypothesis Tests in
    Multivariate Linear Models},
  author = {John Fox and Michael Friendly},
  year = {2016},
  note = {R package version 1.3-3},
  url = {https://CRAN.R-project.org/package=heplots},
}
@Manual{R-knitr,
  title = {knitr: A General-Purpose Package for Dynamic Report
    Generation in R},
  author = {Yihui Xie},
  year = {2017},
  note = {R package version 1.16},
  url = {https://CRAN.R-project.org/package=knitr},
}
@Manual{R-MASS,
  title = {MASS: Support Functions and Datasets for Venables
    and Ripley's MASS},
  author = {Brian Ripley},
  year = {2017},
  note = {R package version 7.3-47},
  url = {https://CRAN.R-project.org/package=MASS},
}
@Manual{R-mosaic,
  title = {mosaic: Project MOSAIC Statistics and Mathematics
    Teaching Utilities},
  author = {Randall Pruim and Daniel T. Kaplan and Nicholas J.
    Horton},
  year = {2016},
  note = {R package version 0.14.4},
  url = {https://CRAN.R-project.org/package=mosaic},
}
@Manual{R-mosaicData,
  title = {mosaicData: Project MOSAIC Data Sets},
  author = {Randall Pruim and Daniel Kaplan and Nicholas
    Horton},
  year = {2016},
  note = {R package version 0.14.0},
  url = {https://CRAN.R-project.org/package=mosaicData},
}
@Manual{R-multcomp,
  title = {multcomp: Simultaneous Inference in General
    Parametric Models},
  author = {Torsten Hothorn and Frank Bretz and Peter
    Westfall},
  year = {2016},
  note = {R package version 1.4-6},
  url = {https://CRAN.R-project.org/package=multcomp},
}
@Manual{R-MuMIn,
  title = {MuMIn: Multi-Model Inference},
  author = {Kamil Barton},
  year = {2016},
  note = {R package version 1.15.6},
  url = {https://CRAN.R-project.org/package=MuMIn},
}
@Manual{R-openintro,
  title = {openintro: OpenIntro data sets and supplemental
    functions},
  author = {David M Diez and Christopher D Barr and Mine
    Cetinkaya-Rundel},
  year = {2012},
  note = {R package version 1.4},
  url = {https://CRAN.R-project.org/package=openintro},
}
@Manual{R-poLCA,
  title = {poLCA: Polytomous variable Latent Class Analysis},
  author = {Drew Linzer and Jeffrey Lewis.},
  year = {2014},
  note = {R package version 1.4.1},
  url = {https://CRAN.R-project.org/package=poLCA},
}
@Manual{R-psych,
  title = {psych: Procedures for Psychological, Psychometric,
    and Personality Research},
  author = {William Revelle},
  year = {2017},
  note = {R package version 1.7.5},
  url = {https://CRAN.R-project.org/package=psych},
}
@Manual{R-smdata,
  title = {smdata: Data to accompany Smithson \& Merkle,
    2013},
  author = {Ed Merkle and Michael Smithson},
  year = {2013},
  note = {R package version 1.1},
  url = {https://CRAN.R-project.org/package=smdata},
}
@Manual{R-survey,
  title = {survey: Analysis of Complex Survey Samples},
  author = {Thomas Lumley},
  year = {2017},
  note = {R package version 3.32-1},
  url = {https://CRAN.R-project.org/package=survey},
}
@Manual{R-tabplot,
  title = {tabplot: Tableplot, a Visualization of Large
    Datasets},
  author = {Martijn Tennekes and Edwin {de Jonge}},
  year = {2017},
  note = {R package version 1.3-1},
  url = {https://CRAN.R-project.org/package=tabplot},
}
@Manual{R-vcd,
  title = {vcd: Visualizing Categorical Data},
  author = {David Meyer and Achim Zeileis and Kurt Hornik},
  year = {2016},
  note = {R package version 1.4-3},
  url = {https://CRAN.R-project.org/package=vcd},
}
