@Manual{R-beanplot,
  title = {beanplot: Visualization via Beanplots (like
    Boxplot/Stripchart/Violin Plot)},
  author = {Peter Kampstra},
  year = {2014},
  note = {R package version 1.2},
  url = {https://CRAN.R-project.org/package=beanplot},
}
@Manual{R-heplots,
  title = {heplots: Visualizing Hypothesis Tests in
    Multivariate Linear Models},
  author = {John Fox and Michael Friendly},
  year = {2016},
  note = {R package version 1.3-3},
  url = {https://CRAN.R-project.org/package=heplots},
}
@Manual{R-knitr,
  title = {knitr: A General-Purpose Package for Dynamic Report
    Generation in R},
  author = {Yihui Xie},
  year = {2017},
  note = {R package version 1.16},
  url = {https://CRAN.R-project.org/package=knitr},
}
@Manual{R-mosaic,
  title = {mosaic: Project MOSAIC Statistics and Mathematics
    Teaching Utilities},
  author = {Randall Pruim and Daniel T. Kaplan and Nicholas J.
    Horton},
  year = {2016},
  note = {R package version 0.14.4},
  url = {https://CRAN.R-project.org/package=mosaic},
}
@Manual{R-mosaicData,
  title = {mosaicData: Project MOSAIC Data Sets},
  author = {Randall Pruim and Daniel Kaplan and Nicholas
    Horton},
  year = {2016},
  note = {R package version 0.14.0},
  url = {https://CRAN.R-project.org/package=mosaicData},
}
