@article{Akaike1974,
  title = {A new look at the statistical model identification},
  author = {Akaike, Hirotugu},
  year = {1974},
  journal = {IEEE Transactions on Automatic Control},
  volume = {19},
  pages = {716-723},
}

@article{Azzalini1990,
  title = {A look at some data on the {Old} {Faithful} geyser},
  author = {Azzalini, Adelchi and Bowman, Adrian W.},
  year = {1990},
  journal = {Applied Statistics},
  volume = {39},
  pages = {357–365},
}

@article{Benson2012,
  title = {Multi-variate models are essential for understanding vertebrate diversification in deep time},
  author = {Benson, Roger B.J. and Mannion, Philip D.},
  year = {2012},
  journal = {Biology Letters},
  volume = {8},
  pages = {127-130},
  doi = {10.1098/rsbl.2011.0460},
  url = {http://rsbl.royalsocietypublishing.org/content/8/1/127.full?sid=79fb7eab-a445-4abc-aeb4-970794357614},
}

book{Bookdown,
  title = {bookdown: Authoring Books and Technical Documents with {R} Markdown},
  author = {Yihui Xie},
  publisher = {CRC Press},
  address = {Boston, MA},
  year = {2017},
  url = {https://github.com/rstudio/bookdown},
  series = {The {R} Series},
  }
  
@book{Burnham2002,
  title = {Model selection and Multimodel Inference},
  author = {Burnham, Kenneth P. and Anderson, David R.},
  year = {2002},
  publisher = {Springer},
  address = {NY},
  }

@article{Crampton1947,
  title = {The Growth of the Odontoblast of the Incisor Teeth as a Criterion of Vitamin C Intake of the Guinea Pig},
  author = {Crampton, E.},
  year = {1947},
  journal = {The Journal of Nutrition},
  volume = {33},
  number = {5},
  pages = {491–504},
  url = {http://jn.nutrition.org/content/33/5/491.full.pdf},
  }

@book{Dayton1998,
  title = {Latent Class Scaling Analysis},
  author = {Dayton, C. Mitchell},
  year = {1998},
  publisher = {SAGE Publications},
  address = {Thousand Oaks, CA},
  }

@book{DeVeaux2001,
  title = {Stats: Data and Models, 3rd edition},
  author = {De Veaux, Richard D. and Velleman, Paul F. and Bock, David E.},
  year = {2001},
  publisher = {Pearson},
  }

@article{Dieser2010,
  title = {Carotenoid pigmentation in {Antarctic} heterotrophic bacteria as a strategy to withstand environmental stresses},
  author = {Dieser, Markus and Greenwood, Mark C. and Foreman, Christine M.},
  year = {2010},
  journal = {Arctic, Antarctic, and Alpine Research},
  volume = {42(4)},
  pages = {396-405},
  doi = {10.1657/1938-4246-42.4.396},
  }
  
@article{Doolittle1989,
  title = {Gender differences in performance on a college-level acheivement test},
  author = {Doolittle, Alan E. and Welch, Catherine},
  year = {1989},
  journal = {ACT Research Report},
  pages = {89-90},
  address = {Iowa City},
  publisher = {American College Testing Program},
}

@article{Fox2003,
  title = {Effect Displays in {R} for Generalised Linear Models},
  author = {Fox, John},
  year = {2003},
  journal = {Journal of Statistical Software},
  volume = {8},
  number = {15},
  pages = {1-27},
  url = {http://www.jstatsoft.org/v08/i15/},
  }
  
@book{Fox2011,
  title = {An {R-Companion} to Applied Regression, Second Edition},
  author = {Fox, John and Weisberg, Sanford},
  year = {2011},
  publisher = {SAGE Publications},
  address = {Thousand Oaks, CA},
  url = {http://socserv.socsci.mcmaster.ca/jfox/Books/Companion},
}

@book{Gandrud2015,
  title = {Reproducible Research with {R} and {R} {Studio}, Second Edition},
  author = {Gandrud, Christopher},
  year = {2015},
  publisher = {Chapman Hall, CRC},
}

@incollection{Greenwood2011,
  title = {An Application of Statistics in Climate Change: Detection of Nonlinear Changes in a Streamflow Timing Measure in the {Columbia} and {Missouri} {Headwaters}},
  booktitle = {Handbook of the Philosophy of Science, Vol. 7: Statistics},
  author = {Greenwood, Mark C. and Harper, Joel and Moore, Johnnie},
  pages = {1117-1142},
  publisher = {Elsevier},
  year = {2011},
  editor = {P.S. Bandyopadhyay and M. Forster},
  }
  
@article{Greenwood2002,
  title = {Glaciated valley profiles: An application of nonlinear regression},
  author = {Greenwood, Mark C. and Humphrey, N.F.},
  year = {2002},
  journal = {Computing Science and Statistics},
  volume = {34},
  pages = {452-460},
}

@misc{Gude2009,
  title = {Homes in Wildfire-Prone Areas: An Empirical Analysis of Wildfire Suppression Costs and Climate Change},
  author = {Gude, Patricia H. and Cookson, J. Anthony and Greenwood, Mark C. and Haggerty, Mark},
  year = {2009},
  url = {www.headwaterseconomics.org},
}

@article{Gundale2013,
  title = {The impact of simulated chronic nitrogen deposition on the biomass and {N2}-fixation activity of two boreal feather moss–cyanobacteria associations},
  author = {Gundale, Michael J. and Bach, Lisbet H. and Nordin, Annika},
  year = {2013},
  journal = {Biology Letters},
  volume = {9},
  number = {6},
  publisher = {The Royal Society},
  doi = {10.1098/rsbl.2013.0797},
  issn = {1744-9561},
  URL = {http://rsbl.royalsocietypublishing.org/content/9/6/20130797},
  eprint = {http://rsbl.royalsocietypublishing.org/content/9/6/20130797.full.pdf},
}

@article{Hothorn2008,
  title = {Simultaneous Inference in General Parametric Models},
  author = {Hothorn, Torsten and Bretz, Frank and Westfall, Peter},
  year = {2008},
  journal = {Biometrical Journal},
  volume = {50},
  number = {3},
  pages = {346-363},
  }
  
@article{Kampstra2008,
  title = {Beanplot: A Boxplot Alternative for Visual Comparison of Distributions},
  author = {Kampstra, Peter},
  year = {2008},
  journal = {Journal of Statistical Software, Code Snippets},
  volume = {28},
  number = {1},
  pages = {1-9},
  
  url = {http://www.jstatsoft.org/v28/c01/},
}

@article{Lea1995,
  title = {Psychological factors in consumer debt: Money management, economic socialization, and credit use},
  author = {Lea, Stephen E.G. and Webley, Paul and Walker, Catherine M.},
  year = {1995},
  journal = {Journal of Economic Psychology},
  volume = {16},
  number = {4},
  pages = {681-701},
}

@article{Liao2014,
  title = {coneproj: An {R} Package for the Primal or Dual Cone Projections with Routines for Constrained Regression},
  author = {Liao, Xiyue and Meyer, Mary C.},
  year = {2014},
  journal = {Journal of Statistical Software},
  volume = {61},
  number = {12},
  pages = {1-22},
  url = {http://www.jstatsoft.org/v61/i12/},
}

@article{Likert1932,
  title = {A Technique for the Measurement of Attitudes},
  author = {Likert, Rensis},
  year = {1932},
  journal = {Archives of Psychology},
  volume = {140},
  pages = {1-55},
}

@article{Linzer2011,
  title = {poLCA: An {R} Package for Polytomous Variable Latent Class Analysis},
  author = {Linzer, Drew and Lewis, Jeffrey},
  year = {2011},
  journal = {Journal of Statistical Software},
  volume = {42},
  number = {10},
  pages = {1-29},
}


@article{Moore2007,
  title = {Significance of trends toward earlier snowmelt runoff, {Columbia} and {Missouri} {Basin} headwaters, {Western} {United} {States}},
  author = {Moore, Johnnie N. and Harper, Joel T. and Greenwood, Mark C.},
  year = {2007},
  journal = {Geophysical Research Letters},
  volume = {34},
  number = {16},
  issn = {1944-8007},
  url = {http://dx.doi.org/10.1029/2007GL031022},
  doi = {10.1029/2007GL031022},
  note = {L16402},
}

@mastersthesis{Plaster1989,
  title = {Inmates as mock jurors: The effects of physical attractiveness upon juridic decisions},
  author = {Plaster, M. E.},
  school = {East Carolina University},
  year = {1989},
  address = {Greenville, NC},
  note = {MockJury data taken from the thesis},
}

@article{Piepho2004,
  title = {An Algorithm for a Letter-Based Representation of All-Pairwise Comparisons},
  author = {Piepho, Hans-Peter},
  year = {2004},
  journal = {Journal of Computational and Graphical Statistics},
  volume = {13},
  number = {2},
  pages = {456–466},
}

@book{Ramsey2012,
  title={The Statistical Sleuth: A Course in Methods of Data Analysis},
  author={Ramsey, Fred and Schafer, Daniel},
  isbn={9781133490678},
  lccn={2012931469},
  url={https://books.google.com/books?id=eSlLjA9TwkUC},
  year={2012},
  publisher={Cengage Learning},
}



@manual{RStudio,
  title = {RStudio: Integrated Development Environment for {R}},
  author = {{RStudio Team}},
  organization = {RStudio, Inc.},
  address = {Boston, MA},
  year = {2015},
  url = {http://www.rstudio.com/},
  }
  
@article{Sasaki2013,
  author = {Sasaki, Takao and Pratt, Stephen C.},
  title = {Ants learn to rely on more informative attributes during decision-making},
  volume = {9},
  number = {6},
  year = {2013},
  doi = {10.1098/rsbl.2013.0667},
  publisher = {The Royal Society},
  issn = {1744-9561},
  URL = {http://rsbl.royalsocietypublishing.org/content/9/6/20130667},
  eprint = {http://rsbl.royalsocietypublishing.org/content/9/6/20130667.full.pdf},
  journal = {Biology Letters},
}

@article{Vsevol2014,
  title = {Functional Analysis of Variance for Association Studies},
  author = {Vsevolozhskaya, Olga A. and Zaykin, Dmitri V. and Greenwood, Mark C. and Wei, Changshuai and Lu, Qing},
  year = {2014},
  journal = {PLOS ONE},
  volume = {9},
  number = {9},
  pages = {13},
  url = {http://journals.plos.org/plosone/article?id=10.1371/journal.pone.0105074},
}

@book{Weisberg2005,
  title = {Applied Linear Regression, Third Edition},
  author = {Weisberg, Sanford},
  year = {2005},
  publisher = {Wiley},
  address = {Hoboken, NJ},
}

@book{Westfall1993,
  title = {Resampling-Based Multiple Testing: Examples and Methods for p-value Adjustment},
  author = {Westfall, Peter H. and Young, S. Stanley},
  year = {1993},
  publisher = {Wiley},
  address = {New York},
}